<record><leader>00000cas a22000007a 4500</leader><controlfield tag="001">15151961</controlfield><controlfield tag="008">870204d1873187umouwr ne      0   a0ger d</controlfield><datafield ind1=" " ind2=" " tag="010"><subfield code="a">sn 87067037 </subfield></datafield><datafield ind1=" " ind2=" " tag="040"><subfield code="a">NNX</subfield><subfield code="b">eng</subfield><subfield code="c">NNX</subfield><subfield code="d">YOX</subfield><subfield code="d">MQN</subfield><subfield code="d">OCLCQ</subfield><subfield code="d">KRTAS</subfield><subfield code="d">UKMGB</subfield><subfield code="d">OCLCQ</subfield><subfield code="d">OCLCF</subfield><subfield code="d">DLC</subfield></datafield><datafield ind1=" " ind2=" " tag="012"><subfield code="l">a</subfield></datafield><datafield ind1="7" ind2=" " tag="016"><subfield code="a">013935842</subfield><subfield code="2">Uk</subfield></datafield><datafield ind1="0" ind2=" " tag="022"><subfield code="a">2374-5991</subfield><subfield code="2">1</subfield></datafield><datafield ind1=" " ind2=" " tag="042"><subfield code="a">msc</subfield><subfield code="a">nsdp</subfield></datafield><datafield ind1=" " ind2=" " tag="043"><subfield code="a">n-us-mo</subfield></datafield><datafield ind1="0" ind2="0" tag="050"><subfield code="a">Newspaper</subfield></datafield><datafield ind1="0" ind2="0" tag="082"><subfield code="a">071</subfield><subfield code="2">23</subfield></datafield><datafield ind1="0" ind2=" " tag="130"><subfield code="a">Gasconade zeitung (1873)</subfield></datafield><datafield ind1=" " ind2="4" tag="222"><subfield code="a">Die Gasconade zeitung</subfield><subfield code="b">(1873. Print)</subfield></datafield><datafield ind1="1" ind2="4" tag="245"><subfield code="a">Die Gasconade zeitung.</subfield></datafield><datafield ind1=" " ind2=" " tag="260"><subfield code="a">Hermann, Mo. :</subfield><subfield code="b">C. Eberhardt</subfield></datafield><datafield ind1=" " ind2=" " tag="300"><subfield code="a">v.</subfield></datafield><datafield ind1=" " ind2=" " tag="310"><subfield code="a">Weekly</subfield></datafield><datafield ind1=" " ind2=" " tag="530"><subfield code="a">Archived issues are available in digital format from the Library of Congress Chronicling America online collection.</subfield></datafield><datafield ind1=" " ind2=" " tag="546"><subfield code="a">In German.</subfield></datafield><datafield ind1=" " ind2=" " tag="588"><subfield code="a">Description based on: Jahrg. 18, Nr. 8 (27. Nov. 1873).</subfield></datafield><datafield ind1=" " ind2="0" tag="650"><subfield code="a">Germans</subfield><subfield code="z">Missouri</subfield><subfield code="v">Newspapers.</subfield></datafield><datafield ind1=" " ind2="0" tag="650"><subfield code="a">German Americans</subfield><subfield code="z">Missouri</subfield><subfield code="v">Newspapers.</subfield></datafield><datafield ind1=" " ind2="0" tag="651"><subfield code="a">Hermann (Mo.)</subfield><subfield code="v">Newspapers.</subfield></datafield><datafield ind1=" " ind2="7" tag="650"><subfield code="a">German Americans.</subfield><subfield code="2">fast</subfield><subfield code="0">(OCoLC)fst00941308</subfield></datafield><datafield ind1=" " ind2="7" tag="650"><subfield code="a">Germans.</subfield><subfield code="2">fast</subfield><subfield code="0">(OCoLC)fst00942100</subfield></datafield><datafield ind1=" " ind2="7" tag="651"><subfield code="a">Missouri.</subfield><subfield code="2">fast</subfield><subfield code="0">(OCoLC)fst01204724</subfield></datafield><datafield ind1=" " ind2="7" tag="651"><subfield code="a">Missouri</subfield><subfield code="z">Hermann.</subfield><subfield code="2">fast</subfield><subfield code="0">(OCoLC)fst01209224</subfield></datafield><datafield ind1=" " ind2="7" tag="655"><subfield code="a">Newspapers.</subfield><subfield code="2">fast</subfield><subfield code="0">(OCoLC)fst01423814</subfield></datafield><datafield ind1=" " ind2=" " tag="752"><subfield code="a">United States</subfield><subfield code="b">Missouri</subfield><subfield code="c">Gasconade</subfield><subfield code="d">Hermann.</subfield></datafield><datafield ind1="0" ind2="8" tag="776"><subfield code="i">Online version:</subfield><subfield code="t">Gasconade zeitung (1873 : Online)</subfield><subfield code="x">2374-6009</subfield><subfield code="w">(DLC)  2014218479</subfield></datafield><datafield ind1="0" ind2="0" tag="780"><subfield code="t">Hermanner Volksblatt u. Gasconade zeitung</subfield><subfield code="w">(DLC)sn 85034180</subfield></datafield><datafield ind1="0" ind2="0" tag="785"><subfield code="t">Hermanner Volksblatt (Hermann, Mo. : 1875)</subfield><subfield code="w">(DLC)sn 93060116</subfield></datafield><datafield ind1="4" ind2="1" tag="856"><subfield code="u">http://www.loc.gov/chroniclingamerica/lccn/sn87067037/issues</subfield></datafield><datafield ind1=" " ind2=" " tag="938"><subfield code="a">Kirtas Technologies, Inc.</subfield><subfield code="b">KRTS</subfield><subfield code="n">739809</subfield></datafield><datafield ind1="1" ind2=" " tag="029"><subfield code="a">AU@</subfield><subfield code="b">000025790596</subfield></datafield></record>